@Book{Hartley2004,
  Title                    = {Multiple View Geometry in Computer Vision},
  Author                   = {Hartley, R.~I. and Zisserman, A.},
  Publisher                = {Cambridge University Press, ISBN: 0521540518},
  Year                     = {2004},
  Edition                  = {Second}
}
@online{WikiOrthogonaleMatrix,
	title="Orthogonale Matrix",
	url="https://de.wikipedia.org/wiki/Orthogonale_Matrix",
}
@online{MathematicsSEMatrixTransposeIdentity,
	title="matrix transpose * itself = identity",
	url="https://math.stackexchange.com/questions/768098/matrix-transpose-itself-identity",
}
@online{MathematicsSEMatrixTransposeIdentity2,
	title="Why is inverse of orthogonal matrix is its transpose",
	url="https://math.stackexchange.com/questions/1097422/why-is-inverse-of-orthogonal-matrix-is-its-transpose",
}
@online{3blue1brownLinAlg5Determinant,
	title="The determinant | Essence of linear algebra, chapter 5",
	url="https://www.youtube.com/watch?v=Ip3X9LOh2dk"
}