@online{Stackoverflow,
	title="Homogeneous matrix has eight independent ratios of matrix elements?",
	url="https://stackoverflow.com/questions/9534453/homogeneous-matrix-has-eight-independent-ratios-of-matrix-elements"
}

@online{DynamicPntoPnAlgnmnt,
	title="Dynamic Pn to Pn Alignment",
	url="https://www.cs.tau.ac.il/~wolf/papers/dyn-alignment.pdf",
}

@online{ProjectiveGeomUMD,
	title="Projective Geometry",
	url="http://www.umiacs.umd.edu/~ramani/cmsc828d/ProjectiveGeometry.pdf"
}

@online{
	ProjectiveGeomIIT,
	title="Projective geometry, camera models and calibration",
	url="http://www.cse.iitd.ernet.in/~suban/vision/geometry.pdf"
}
@online{EpixeaT-RC,
	title="Camera calibration",
	url="http://www.epixea.com/research/multi-view-coding-thesisse9.html"
}
